@article{albouy2020unlocking,
  title={Unlocking amenities: Estimating public good complementarity},
  author={Albouy, David and Christensen, Peter and Sarmiento-Barbieri, Ignacio},
  journal={Journal of Public Economics},
  volume={182},
  pages={104110},
  year={2020},
  publisher={Elsevier}
}


@article{Poveda2012,
  title={Modelamiento del precio de bolsa incluyendo costos de arranque y parada en el Mercado Eléctrico Colombiano.},
  author={Manuel Alejandro Poveda Núñez},
  journal={Universidad Nacional de Colombia},
  volume={1},
  pages={1--147},
  year={2012},
  publisher={Repositorio Universidad Nacional de Colombia}
}


@misc{nikolov2020writing,
  title={Writing tips for economics research papers},
  author={Nikolov, Plamen},
  year={2020}
}
 
@mastersthesis{CitekeyMastersthesis, 
  author  = "Jian Tang",
  title   = "Spin structure of the nucleon in the asymptotic limit",
  school  = "Massachusetts Institute of Technology",
  year    = 1996,
  address = "Cambridge, MA",
  month   = sep
}



@misc{Cita_XM,
  title        = "Sinergox",
  author       = "XM",
  howpublished = "https://sinergox.xm.com.co/trpr/Paginas/Historicos/Historicos.aspx",
  year         = 2022,
  note         = "Accessed: 2022-07-16"
}
